<?xml version="1.0" encoding="UTF-8"?><record xmlns="http://www.loc.gov/MARC21/slim" xmlns:cinclude="http://apache.org/cocoon/include/1.0" xmlns:zs="http://www.loc.gov/zing/srw/">
  <leader>00529nz  a2200157n  4500</leader>
  <controlfield tag="001">n 2012019815</controlfield>
  <controlfield tag="003">DLC</controlfield>
  <controlfield tag="005">20120327074826.0</controlfield>
  <controlfield tag="008">120326n| acannaabn          |b aaa      </controlfield>
  <datafield tag="010" ind1=" " ind2=" ">
    <subfield code="a">n 2012019815</subfield>
  </datafield>
  <datafield tag="040" ind1=" " ind2=" ">
    <subfield code="a">DLC</subfield>
    <subfield code="b">eng</subfield>
    <subfield code="c">DLC</subfield>
  </datafield>
  <datafield tag="100" ind1="1" ind2=" ">
    <subfield code="a">Karube, Haruki</subfield>
  </datafield>
  <datafield tag="400" ind1="1" ind2=" ">
    <subfield code="a">苅部治紀</subfield>
  </datafield>
  <datafield tag="667" ind1=" " ind2=" ">
    <subfield code="a">Non-Latin script reference not evaluated</subfield>
  </datafield>
  <datafield tag="670" ind1=" " ind2=" ">
    <subfield code="a">Suisei konchū daihyakka, 2011:</subfield>
    <subfield code="b">colophon (苅部治紀 = Karube Haruki)</subfield>
  </datafield>
  <datafield tag="670" ind1=" " ind2=" ">
    <subfield code="a">Kanagawa Kenritsu Seimei no Hoshi Chikyū Hakubutsukan home page, Mar 26, 2012:</subfield>
    <subfield code="b">(Karube Haruki)</subfield>
  </datafield>
</record>